@INPROCEEDINGS{Tapaswi:ICIP:2014, 
author={Tapaswi, M. and Corez, C.C. and Bauml, M. and Ekenel, H.K. and Stiefelhagen, R.}, 
booktitle={IEEE ICIP}, 
title={Cleaning up after a face tracker: False positive removal}, 
year={2014} 
}

@article{dehak2011front,
  title={Front-end factor analysis for speaker verification},
  author={Dehak, Najim and Kenny, Patrick and Dehak, R{\'e}da and Dumouchel, Pierre and Ouellet, Pierre},
  journal={Tran. on Audio, Speech, and Language Processing},
  volume={19},
  number={4},
  pages={788--798},
  year={2011},
  publisher={IEEE}
}

@article{kenny2008study,
  title={A study of interspeaker variability in speaker verification},
  author={Kenny, Patrick and Ouellet, Pierre and Dehak, Najim and Gupta, Vishwa and Dumouchel, Pierre},
  journal={Tran. on Audio, Speech, and Language Processing},
  volume={16},
  number={5},
  pages={980--988},
  year={2008},
  publisher={IEEE}
}

@inproceedings{cinbis2011unsupervised,
  title={Unsupervised metric learning for face identification in TV video},
  author={Cinbis, Ramazan Gokberk and Verbeek, Jakob and Schmid, Cordelia},
  booktitle={ICCV},
  year={2011},
}

@inproceedings{see2011exemplar,
  title={Exemplar extraction using spatio-temporal hierarchical agglomerative clustering for face recognition in video},
  author={See, John and Eswaran, Chikkannan},
  booktitle={ICCV},
  pages={1481--1486},
  year={2011},
  organization={IEEE}
}

@inproceedings{bauml2013semi,
  title={Semi-supervised learning with constraints for person identification in multimedia data},
  author={Bauml, Martin and Tapaswi, Makarand and Stiefelhagen, Rainer},
  booktitle={CVPR},
  pages={3602--3609},
  year={2013}
}

@inproceedings{tapaswi2014storygraphs,
  title={StoryGraphs: visualizing character interactions as a timeline},
  author={Tapaswi, Makarand and Bauml, Martin and Stiefelhagen, Rainer},
  booktitle={CVPR},
  pages={827--834},
  year={2014}
}

@inproceedings{bailly2003banca,
  title={The BANCA database and evaluation protocol},
  author={Bailly-Bailli{\'e}re, Enrique and Bengio, Samy and Bimbot, Fr{\'e}d{\'e}ric and Hamouz, Miroslav and Kittler, Josef and Mari{\'e}thoz, Johnny and Matas, Jiri and Messer, Kieron and Popovici, Vlad and Por{\'e}e, Fabienne and others},
  booktitle={Audio-and Video-Based Biometric Person Authentication},
  pages={625--638},
  year={2003},
  organization={Springer}
}

@article{tan2010enhanced,
  title={Enhanced local texture feature sets for face recognition under difficult lighting conditions},
  author={Tan, Xiaoyang and Triggs, Bill},
  journal={Tran. on Image Processing},
  volume={19},
  number={6},
  pages={1635--1650},
  year={2010},
  publisher={IEEE}
}

@article{wallace2012cross,
  title={Cross-pollination of normalization techniques from speaker to face authentication using gaussian mixture models},
  author={Wallace, Roy and McLaren, Mitchell and McCool, Christopher and Marcel, Sebastien},
  journal={Tran. on Information Forensics and Security},
  volume={7},
  number={2},
  pages={553--562},
  year={2012},
  publisher={IEEE}
}

@inproceedings{bicego2006use,
  title={On the use of SIFT features for face authentication},
  author={Bicego, Manuele and Lagorio, Andrea and Grosso, Enrico and Tistarelli, Massimo},
  booktitle={CVPR Workshop},
  pages={35--35},
  year={2006},
  organization={IEEE}
}

@inproceedings{zhao2008actor,
  title={Actor retrieval system based on kernels on bags of bags},
  author={Zhao, Shuji and Precioso, Fr{\'e}d{\'e}ric and Cord, Matthieu and Philipp-Foliguet, Sylvie},
  booktitle={European Signal Processing Conference},
  pages={1--5},
  year={2008},
  organization={IEEE}
}

@incollection{bay2006surf,
  title={SURF: Speeded up robust features},
  author={Bay, Herbert and Tuytelaars, Tinne and Van Gool, Luc},
  booktitle={ECCV},
  pages={404--417},
  year={2006},
  publisher={Springer}
}

@inproceedings{el2010face,
  title={Face-and-clothing based people clustering in video content},
  author={El Khoury, Elie and Senac, Christine and Joly, Philippe},
  booktitle={Proceedings of the international conference on Multimedia information retrieval},
  pages={295--304},
  year={2010},
  organization={ACM}
}

@inproceedings{hu2015deep,
  title={Deep Multimodal Speaker Naming},
  author={Hu, Yongtao and Ren, Jimmy SJ and Dai, Jingwen and Yuan, Chang and Xu, Li and Wang, Wenping},
  booktitle={Proc. of the 23rd Annual ACM Conference on Multimedia Conference},
  pages={1107--1110},
  year={2015},
  organization={ACM}
}

@inproceedings{eichner2009better,
  title={Better Appearance Models for Pictorial Structures.},
  author={Eichner, Marcin and Ferrari, Vittorio and Zurich, S},
  booktitle={BMVC},
  volume={2},
  pages={5},
  year={2009}
}

@inproceedings{anjos2012bob,
  title={Bob: a free signal processing and machine learning toolbox for researchers},
  author={Anjos, Andr{\'e} and El-Shafey, Laurent and Wallace, Roy and G{\"u}nther, Manuel and McCool, Christopher and Marcel, S{\'e}bastien},
  booktitle={ACM MM},
  pages={1449--1452},
  year={2012},
  organization={ACM}
}

@inproceedings{zhu2012face,
  title={Face detection, pose estimation, and landmark localization in the wild},
  author={Zhu, Xiangxin and Ramanan, Deva},
  booktitle={CVPR},
  year={2012}
}

@inproceedings{smith2005evaluating,
  title={Evaluating multi-object tracking},
  author={Smith, Kevin and Gatica-Perez, Daniel and Odobez, Jean-Marc and Ba, Sileye},
  booktitle={ CVPR Workshops},
  pages={36--36},
  year={2005},
  organization={IEEE}
}

@inproceedings{Heili:PETS:2013,
author = {Heili, A and Odobez, J.-M.},
booktitle = {IEEE PETS},
title = {{Parameter Estimation and Contextual Adaptation for a Multi-Object Tracking CRF Model}},
year = {2013}
}

@Conference{Ricci:ICIP:2009,
  Title                    = {Learning Large Margin Likelihood for Realtime Head Pose Tracking},
  Author                   = {E. Ricci and J.M Odobez},
  Booktitle                = {IEEE ICIP},
  Year                     = {2009},
}

@inproceedings{Heili:ICCV-VS:2011,
author = {Heili, A and Chen, C and Odobez, J.-M.},
booktitle = {IEEE ICCV-VS, Int. Workshop on Visual Surveillance, Barcelona},
title = {{Detection-Based Multi-Human Tracking Using a CRF Model}},
year = {2011}
}

@article{khoury2014bimodal,
  title={Bi-modal biometric authentication on mobile phones in challenging conditions},
  author={Khoury, Elie and El Shafey, Laurent and McCool, Christopher and G{\"u}nther, Manuel and Marcel, S{\'e}bastien},
  journal={Image and Vision Computing},
  volume={32},
  number={12},
  pages={1147--1160},
  year={2014},
  publisher={Elsevier}
}

@inproceedings{viola2001rapid,
  title={Rapid object detection using a boosted cascade of simple features},
  author={Viola, Paul and Jones, Michael},
  booktitle={CVPR},
  year={2001}
}

@inproceedings{yang2015facial,
  title={From facial parts responses to face detection: A deep learning approach},
  author={Yang, Shuo and Luo, Ping and Loy, Chen-Change and Tang, Xiaoou},
  booktitle={Proc. of the IEEE ICCV},
  pages={3676--3684},
  year={2015}
}

@inproceedings{vu2015context,
  title={Context-aware CNNs for person head detection},
  author={Vu, Tuan-Hung and Osokin, Anton and Laptev, Ivan},
  booktitle={Proc. of the IEEE ICCV},
  pages={2893--2901},
  year={2015}
}

@inproceedings{tapaswi2014total,
  title={Total Cluster: A person agnostic clustering method for broadcast videos},
  author={Tapaswi, Makarand and Parkhi, Omkar M and Rahtu, Esa and Sommerlade, 
Eric and Stiefelhagen, Rainer and Zisserman, Andrew},
  booktitle={ICVGIP},
  pages={7},
  year={2014},
  organization={ACM}
}

@inproceedings{lucas1981iterative,
  title={An iterative image registration technique with an application to stereo vision.},
  author={Lucas, Bruce D and Kanade, Takeo and others},
  booktitle={IJCAI},
  year={1981}
}

@inproceedings{Parkhi:CVPR:2014,
  title={A compact and discriminative face track descriptor},
  author={Parkhi, Omkar M and Simonyan, Karen and Vedaldi, Andrea and Zisserman, Andrew},
  booktitle={CVPR},
  pages={1693--1700},
  year={2014},
  organization={IEEE}
}

@inproceedings{rouvier2014scene,
  title={Scene understanding for identifying persons in TV shows: beyond face authentication},
  author={Rouvier, Mickael and Favre, Benoit and Bendris, Meriem and Charlet, Delphine and Damnati, Geraldine},
  booktitle={CBMI},
  pages={1--6},
  year={2014},
  organization={IEEE}
}

@incollection{dubout2012exact,
  title={Exact acceleration of linear object detectors},
  author={Dubout, Charles and Fleuret, Fran{\c{c}}ois},
  booktitle={ECCV},
  pages={301--311},
  year={2012},
  publisher={Springer}
}

@inproceedings{everingham2006hello,
  title={Hello! My name is... Buffy--Automatic naming of characters in TV video},
  author={Everingham, M. and Sivic, J. and Zisserman, A.},
  booktitle={BMVC},
  year={2006},
}

@article{wallace2012total,
  title={Total variability modelling for face verification},
  author={Wallace, Richard and McLaren, Moray},
  journal={Biometrics, IET},
  volume={1},
  number={4},
  pages={188--199},
  year={2012},
  publisher={IET}
}

@inproceedings{wallace2011inter,
  title={Inter-session variability modelling and joint factor analysis for face authentication},
  author={Wallace, Roy and McLaren, Mitchell and McCool, Christopher and Marcel, Sebastien},
  booktitle={Biometrics (IJCB), 2011 International Joint Conference on},
  pages={1--8},
  year={2011},
  organization={IEEE}
}

@inproceedings{ozerov2013evaluating,
  title={On evaluating face tracks in movies},
  author={Ozerov, A. and Vigouroux, J-R. and Chevallier, L. and Perez, P.},
  booktitle={ICIP},
  year={2013}
}

@inproceedings{poignant2015multimodal,
  title={Multimodal person discovery in broadcast TV at Mediaeval 2015},
  author={Poignant, Johann and Bredin, Herv{\'e} and Barras, Claude},
  booktitle={MediaEval Workshop},
  year={2015}
}

@inproceedings{dinarelli2011ned,
  title={Models Cascade for Tree-Structured Named Entity Detection.},
  author={Dinarelli, Marco and Rosset, Sophie},
  booktitle={IJCNLP},
  pages={1269--1278},
  year={2011}
}

@inproceedings{poignant2012fusion,
  title={Unsupervised speaker identification using overlaid texts in TV broadcast},
  author={Poignant, Johann and Bredin, Herv{\'e} and Le, Viet-Bac and Besacier, Laurent and Barras, Claude and Qu{\'e}not, Georges},
  booktitle={Interspeech},
  pages={4p},
  year={2012}
}

@inproceedings{poignant2012text,
  title={From text detection in videos to person identification},
  author={Poignant, Johann and Besacier, Laurent and Qu{\'e}not, Georges and Thollard, Franck},
  booktitle={2012 IEEE International Conference on Multimedia and Expo (ICME)},
  year={2012},
  organization={IEEE}
}

@inproceedings{mathias2014face,
  title={Face detection without bells and whistles},
  author={Mathias, Markus and Benenson, Rodrigo and Pedersoli, Marco and Van Gool, Luc},
  booktitle={ECCV},
  year={2014}
}

@article{felzenszwalb2010dpm,
  title={Object detection with discriminatively trained part-based models},
  author={Felzenszwalb, Pedro F and Girshick, Ross B and McAllester, David and Ramanan, Deva},
  journal={TPAMI},
  volume={32},
  number={9},
  pages={1627--1645},
  year={2010},
  publisher={IEEE}
}

@inproceedings{Gay:ICIP:2014,
author = {Gay, Paul and Khoury, Elie and Meignier, Sylvain and Odobez, Jean-Marc and Deleglise, Paul},
booktitle = {ICIP},
title = {{Face identification from overlaid texts using Local Face Recurrent Patterns and CRF models}},
year = {2014}
}
@inproceedings{Gay:ICASSP:2014,
author = {Gay, P and Khoury, E and Meignier, S and Odobez, J.-M. and Deleglise, P},
booktitle = {IEEE International Conference on Acoustics, Speech and Signal Processing (ICASSP 2014)},
title = {{A Conditional Random Field approach for Audio-Visual people diarization}},
year = {2014}
}

@article{odobez-prl05,
author = {Chen, Datong and Odobez, Jean-Marc},
journal = {Pattern Recognition Letters},
number = {9},
pages = {1386--1403},
title = {Video Text Recognition using Sequential Monte Carlo and Error Voting Methods},
volume = {26},
year = {2005}
}

@article{odobez1995robust,
  title={Robust multiresolution estimation of parametric motion models},
  author={Odobez, Jean-Marc and Bouthemy, Patrick},
  journal={Journal of visual communication and image representation},
  volume={6},
  number={4},
  pages={348--365},
  year={1995},
  publisher={Elsevier}
}

@inproceedings{dupuy2014,
	Author = {Dupuy, Gr{\'e}gor and Meignier, Sylvain and Del\'{e}glise, Paul and Est\`{e}ve, Yannick},
	Booktitle = {Odyssey},
	Title = {Recent Improvements towards {ILP}-based Clustering for Broadcast News Speaker Diarization},
	Year = {2014}}

@inproceedings{galibert2013b,
	Address = {Marseille, France},
	Author = {Galibert, Olivier and Kahn, Juliette},
	Booktitle = {Interspeech satellite workshop on Speech, Language and Audio in Multimedia (SLAM)},
	Date-Modified = {2014-10-24 18:35:56 +0000},
	Title = {{The first official REPERE evaluation}},
	Year = {2013}}

@article{barras2006,
	Author = {Barras, C. and Zhu, X. and Meignier, S. and Gauvain, J.L.},
	Date-Added = {2014-02-10 09:44:20 +0000},
	Date-Modified = {2014-02-20 01:08:31 +0000},
	Journal = ieee-tsap,
	Month = feb,
	Number = 5,
	Pages = {1505-1512},
	Title = {Multi-stage speaker diarization of broadcast news},
	Volume = 14,
	Year = 2006}

@inproceedings{rouvier12-2,
	Address = {Singapore},
	Author = {Rouvier, Micka{\"e}l and Meignier, Sylvain},
	Booktitle = {Odyssey Workshop},
	Title = {A Global Optimization Framework For Speaker Diarization},
	Year = {2012}}

@inproceedings{rouvier2013,
	Address = {Lyon (France)},
	Aeres = {ACTI - International Conference Proceedings},
	Articletitle = {Interspeech},
	Author = {Rouvier, M. and Dupuy, G. and Gay, P. and Khoury, E. and Merlin, T. and Meignier, S.},
	Booktitle = {Interspeech},
	City = {Lyon},
	Country = {France},
	Month = {25-29 Aug.},
	Title = {An Open-source State-of-the-art Toolbox for Broadcast News Diarization},
	Url = {http://www.interspeech2013.org/},
	Year = {2013},
	Bdsk-Url-1 = {http://www.interspeech2013.org/}}



@InProceedings{GIRAUDEL12.707,
  author = {Aude Giraudel and Matthieu Carré and Valérie Mapelli and Juliette Kahn and Olivier Galibert and Ludovic Quintard},
  title = {The REPERE Corpus : a multimodal corpus for person recognition},
  booktitle = {Proceedings of the Eight International Conference on Language Resources and Evaluation (LREC'12)},
  year = {2012},
  month = {may},
  date = {23-25},
  address = {Istanbul, Turkey},
  editor = {Nicoletta Calzolari (Conference Chair) and Khalid Choukri and Thierry Declerck and Mehmet Ugur Dogan and Bente Maegaard and Joseph Mariani and Asuncion Moreno and Jan Odijk and Stelios Piperidis},
  publisher = {European Language Resources Association (ELRA)},
  isbn = {978-2-9517408-7-7},
  language = {english}
 }

 @inproceedings{gay2014comparison,
  title={Comparison of two methods for unsupervised person identification in TV shows},
  author={Gay, Paul and Dupuy, Gr{\'e}gor and Lailler, Carole and Odobez, Jean-Marc and Meignier, Sylvain and Del{\'e}glise, Paul},
  booktitle={Content-Based Multimedia Indexing (CBMI), 2014 12th International Workshop on},
  pages={1--6},
  year={2014},
  organization={IEEE}
}

@inproceedings{giraudel2012repere,
  title={The REPERE Corpus: a Multimodal Corpus for Person Recognition},
  author={Giraudel, A. and Carr{\'e}, M. and Mapelli, V. and Kahn, J. and Galibert, O. and Quintard, L.},
 booktitle = {LREC},
  year={2012}
}

@ARTICLE{Khan05mcmc-basedparticle,
    author = {Zia Khan and Tucker Balch and Frank Dellaert},
    title = {MCMC-based particle filtering for tracking a variable number of interacting targets},
    journal = {IEEE Transactions on Pattern Analysis and Machine Intelligence},
    year = {2005},
    volume = {27},
    pages = {2005}
}

@inproceedings{li2009learning,
  title={Learning to associate: Hybridboosted multi-target tracker for crowded scene},
  author={Li, Yuan and Huang, Chang and Nevatia, Ramakant},
  booktitle={CVPR},
  pages={2953--2960},
  year={2009},
  organization={IEEE}
}

@inproceedings{roth2012robust,
  title={Robust multi-pose face tracking by multi-stage tracklet association},
  author={Roth, Michael and Bauml, Martin and Nevatia, Ramakant and Stiefelhagen, Rainer},
  booktitle={ICPR},
  pages={1012--1016},
  year={2012},
  organization={IEEE}
}

@inproceedings{maggio2007particle,
  title={Particle PHD filtering for multi-target visual tracking},
  author={Maggio, Emilio and Piccardo, Elisa and Regazzoni, Carlo and Cavallaro, Andrea},
  booktitle={ICASSP},
  volume={1},
  pages={I--1101},
  year={2007},
  organization={IEEE}
}

@inproceedings{wu2013simultaneous,
  title={Simultaneous clustering and tracklet linking for multi-face tracking in videos},
  author={Wu, Baoyuan and Lyu, Siwei and Hu, Bao-Gang and Ji, Qiang},
  booktitle={ICCV},
  pages={2856--2863},
  year={2013},
  organization={IEEE}
}

@inproceedings{dubout2013deformable,
  title={Deformable part models with individual part scaling},
  author={Dubout, Charles and Fleuret, Fran{\c{c}}ois},
  booktitle={BMVC},
  year={2013}
}

@phdthesis{el2010unsupervised,
  title={Unsupervised video indexing based on audiovisual characterization of persons},
  author={El Khoury, Elie},
  year={2010},
  school={Universit{\'e} Paul Sabatier-Toulouse III}
}

@inproceedings{Ben,
    author={Ben, Mathieu and Betser, Micha\"el and Bimbot, Fr\'ed\'eric and Gravier, Guillaume} , 
    title={Speaker diarization using bottom-up clustering based on a parameter-derived distance between adapted {GMMs}},
    booktitle={Proceedings of the 8th International Conference on Spoken Language Processing},
    pages={333--444},
    year = {2004},
    month={October},
}

@techreport{zhu2002,
  title={Learning from labeled and unlabeled data with label propagation},
  author={Zhu, Xiaojin and Ghahramani, Zoubin},
  year={2002},
  institution={Citeseer}
}

@inproceedings{perret2015,
  title={Evaluation of morphological hierarchies for supervised segmentation},
  author={Perret, Benjamin and Cousty, Jean and Ura, Jean Carlo Rivera and Guimar{\~a}es, Silvio Jamil F},
  booktitle={Proceedings of the 12th International Symposium on Mathematical Morphology and Its Applications to Signal and Image Processing},
  pages={39--50},
  year={2015},
  organization={Springer}
}

@Article{Gay:Frontiers:2016,
  author = 	 {Gay, P and Meignier, S and Deleglise, p and Odobez, J.-M.},
  title = 	 {CRF based context modeling for person identification in broadcast videos},
  journal = 	 {Frontiers in ICT},
  year = 	 2016,
  volume = 	 3}

@article{chen-pr04,
  title={Text detection and recognition in images and video frames},
  author={Chen, Datong and Odobez, Jean-Marc and Bourlard, Herve},
  journal={Pattern Recognition},
  volume={37},
  number={3},
  pages={595--608},
  year={2004},
  publisher={Elsevier}
}

@inproceedings{daddaoua:ICDAR:05,
  title={OCR based slide retrieval},
  author={Daddaoua, Nabil and Odobez, Jean-Marc and Vinciarelli, Alessandro},
  booktitle={Eighth International Conference on Document Analysis and Recognition (ICDAR'05)},
  pages={945--949},
  year={2005},
  organization={IEEE}
}

@article{vincia:tmm:05,
  title={Application of information retrieval technologies to presentation slides},
  author={Vinciarelli, Alessandro and Odobez, J-M},
  journal={IEEE Transactions on Multimedia},
  volume={8},
  number={5},
  pages={981--995},
  year={2006},
  publisher={IEEE}
}

@INPROCEEDINGS{Le_ICPR_2016,
         author = {Le, Nam and Heili, Alexandre and Wu, Di and Odobez, Jean-Marc},
       projects = {FP 7},
          month = dec,
          title = {Temporally Subsampled Detection for Accurate and Efficient Face Tracking and Diarization},
      booktitle = {International Conference on Pattern Recognition},
           year = {2016},
      publisher = {IEEE},
       location = {Cancun, Mexico},
}

@inproceedings{Khoury:ICMR:2013,
author = {Khoury, E and Gay, P and Odobez, J.-M.},
booktitle = {ACM ICMR},
title = {{Fusing Matching and Biometric Similarity Measures for Face Diarization in Video}},
year = {2013}
}
	
@article{barras2006,
	Author = {Barras, C. and Zhu, X. and Meignier, S. and Gauvain, J.L.},
	Date-Added = {2014-02-10 09:44:20 +0000},
	Date-Modified = {2014-02-20 01:08:31 +0000},
	Journal = ieee-tsap,
	Month = feb,
	Number = 5,
	Pages = {1505-1512},
	Title = {Multi-stage speaker diarization of broadcast news},
	Volume = 14,
	Year = 2006}
	
@INPROCEEDINGS{Le_ACMMM_2016,
         author = {Le, Nam and Odobez, Jean-Marc},
          month = oct,
          title = {Learning Multimodal Temporal Representation for Dubbing Detection in Broadcast Media},
      booktitle = {ACM Multimedia},
           year = {2016},
      publisher = {ACM},
       location = {Amsterdam},
}

@inproceedings{giraudel2012repere,
  title={The REPERE Corpus: a Multimodal Corpus for Person Recognition},
  author={Giraudel, A. and Carr{\'e}, M. and Mapelli, V. and Kahn, J. and Galibert, O. and Quintard, L.},
 booktitle = {LREC},
  year={2012}
}
	
@phdthesis{el2010unsupervised,
  title={Unsupervised video indexing based on audiovisual characterization of persons},
  author={El Khoury, Elie},
  year={2010},
  school={Universit{\'e} Paul Sabatier-Toulouse III}
}

@inproceedings{le2015eumssi,
  title={EUMSSI team at the MediaEval Person Discovery Challenge},
  author={Le, Nam and Wu, Di and Meignier, Sylvain and Odobez, Jean-Marc},
  booktitle={MediaEval 2015 Workshop},
  year={2015}
}

@INPROCEEDINGS{KAHN--CBMI--2012,
    AUTHOR = {J. Kahn and O. Galibert and L. Quintard and M. Carr\'e and A. Giraudel and P.Joly},
    TITLE = {{A presentation of the REPERE challenge}},
    booktitle = {{CBMI}},
    year = {2012}
}

@INPROCEEDINGS{BERNARD--SLAM--2013,
    AUTHOR = {G. Bernard and O. Galibert and J. Kahn.},
    TITLE = {{The First Official REPERE Evaluation}},
    BOOKTITLE = {{SLAM-INTERSPEECH}},
    YEAR = {2013}
}

@inproceedings{GIRAUDEL--LREC--2012,
    author = {A. Giraudel and M. Carr\'e and Val\'erie Mapelli and J. Kahn and O. Galibert and L. Quintard},
    title = {{T}he {REPERE} {C}orpus : a {M}ultimodal {C}orpus for {P}erson {R}ecognition},
    booktitle = {{LREC}},
    year = {2012}
}



@INPROCEEDINGS{BECHET--INTERSPEECH--2014,
    AUTHOR = {F. Bechet and M. Bendris and D. Charlet and G. Damnati and B. Favre and M. Rouvier and R. Auguste and B. Bigot and R. Dufour and C. Fredouille and G. Linar\`es and J. Martinet and G. Senay and P. Tirilly},
    TITLE = {{Multimodal Understanding for Person Recognition in Video Broadcasts}},
    BOOKTITLE = {{INTERSPEECH}},
    YEAR = {2014}
}

@INPROCEEDINGS{BREDIN--ODYSSEY--2014,
    AUTHOR = {H. Bredin and A. Laurent and A. Sarkar and V.-B. Le and S. Rosset and C. Barras},
    TITLE = {{Person Instance Graphs for Named Speaker Identification in TV Broadcast}},
    BOOKTITLE = {{Odyssey}},
    YEAR = {2014}
}

@inproceedings{CANSECO--INTERSPEECH--2004,
    author = {Leonardo Canseco-Rodriguez and Lori Lamel and Jean-Luc Gauvain},
    title = {{Speaker diarization from speech transcripts}},
    booktitle = {{INTERSPEECH}},
    year = {2004}
}

@inproceedings{CANSECO--ASRU--2005,
    author = {Leonardo Canseco and Lori Lamel and Jean-Luc Gauvain},
    title = {{A Comparative Study Using Manual and Automatic Transcriptions for Diarization}},
    booktitle = {{ASRU}},
    year = {2005}
}

@inproceedings{JOUSSE--ICCASP--2009,
    author = {Vincent Jousse and Simon Petit-Renaud and Sylvain Meignier and Yannick Est\`eve and Christine Jacquin},
    title = {{Automatic named identification of speakers using diarization and ASR systems}},
    booktitle = {{ICASSP}},
    year = {2009},
}

@inproceedings{TRANTER--ICASSP--2006,
    author = {S. E. Tranter},
    title = {{WHO REALLY SPOKE WHEN? FINDING SPEAKER TURNS AND IDENTITIES IN BROADCAST NEWS AUDIO}},
    booktitle = {{ICASSP}},
    year = {2006}
}

@inproceedings{MAUCLAIR--Odyssey--2006,
    author = {Mauclair, J.  and  Meignier, S.  and  Est\`eve, Y.},
    title = {{Speaker diarization: about whom the speaker is talking?}},
    booktitle = {{Odyssey}},
    year = {2006}
}

@inproceedings{ESTEVE--INTERSPEECH--2007,
    author = {Yannick Est\`eve and Sylvain Meignier and Paul Del\'eglise and Julie Mauclair},
    title = {{Extracting true speaker identities from transcriptions}},
    booktitle = {{INTERSPEECH}},
    year = {2007},
}



@inproceedings{SATOH--CVPR--1997,
    author = {Shin'ichi Satoh and Takeo Kanade and The Presidental Race},
    title = {{Name-It: Association of Face and Name in Video}},
    booktitle = {{CVPR}},
    year = {1997}
}

@inproceedings{SATOH--IJCAI--1997,
    author = {Shin'ichi Satoh and Yuichi Nakamura and Takeo Kanade},
    title = {{Name-It: Naming and Detecting Faces in Video by the Integration of Image and Natural Language Processing}},
    booktitle = {{IJCAI}},
    year = {1997},
}

@article{SATOH--IEEEMM--1999,
    author = {Shin'ichi Satoh and Yuichi Nakamura and Takeo Kanade},
    title = {{Name-It: Naming and Detecting Faces in News Videos}},
    journal ={IEEE Multimedia},
    volume = {6},
    year = {1999},
}

@article{HOUGHTON--IS--1999,
    author = {Ricky Houghton},
    title = {{Named Faces: Putting Names to Faces}},
    journal ={IEEE Intelligent Systems},
    volume = {14},
    year = {1999},
}

@inproceedings{YANG--ACMMM--2004,
    author = {Jun Yang and Alexander G. Hauptmann},
    title = {{Naming every individual in news video monologues}},
    booktitle = {{ACM Multimedia}},
    year = {2004},
}

@inproceedings{YANG--ACMMM--2005,
    author = {Yang, Jun and Yan, Rong and Hauptmann, Alexander G.},
    title = {{Multiple instance learning for labeling faces in broadcasting news video}},
    booktitle = {{ACM Multimedia}},
    year = {2005}
}

@INPROCEEDINGS{POIGNANT--INTERSPEECH--2013,
    AUTHOR = {J. Poignant and L. Besacier and V.B. Le and S. Rosset and G. Qu\'enot},
    TITLE = {{Unsupervised naming of speakers in broadcast TV: using written names, pronounced names or both ?}},
    BOOKTITLE = {{INTERSPEECH}},
    YEAR = {2013}
}

@INPROCEEDINGS{POIGNANT--MEDIAEVAL--2015,
    TITLE = {{Multimodal Person Discovery in Broadcast TV at MediaEval 2015}},
    AUTHOR = {J. Poignant and H. Bredin and C. Barras},
    BOOKTITLE = {MediaEval 2015},
    YEAR = {2015},
    }

@INPROCEEDINGS{POIGNANT--ICME--2012,
    AUTHOR = {J. Poignant and L. Besacier and G. Qu\'enot and F. Thollard},
    TITLE = {{From text detection in videos to person identification}},
    BOOKTITLE = {{ICME}},
    YEAR = {2012}
}

@INPROCEEDINGS{POIGNANT--INTERSPEECH--2012,
    AUTHOR = {J. Poignant and H. Bredin and V.B. Le and L. Besacier and C. Barras and G. Qu\'enot},
    TITLE = {{Unsupervised speaker identification using overlaid texts in TV broadcast}},
    BOOKTITLE = {{INTERSPEECH}},
    YEAR = {2012}
}

@ARTICLE{POIGNANT--ASLP--2015,
    AUTHOR = {Johann Poignant and L. Besacier and G. Qu\'enot},
    TITLE = {{Unsupervised Speaker Identification in TV Broadcast Based on Written Names}},
    JOURNAL = {IEEE/ACM ASLP},
    VOLUME = {23},
    NUMBER = {1},
    YEAR = {2015}
}

@ARTICLE{POIGNANT--MTAP--2015,
    AUTHOR = {J. Poignant and G. Fortier and L. Besacier and G. Qu\'enot},
    TITLE = {{Naming multi-modal clusters to identify persons in TV broadcast}},
    JOURNAL = {MTAP},
    YEAR = {2015}
}

@INPROCEEDINGS{POIGNANT--SLAM--2013,
    AUTHOR = {J. Poignant and H. Bredin and L. Besacier and G. Qu\'enot and C. Barras},
    TITLE = {{Towards a better integration of written names for unsupervised speakers identification in videos}},
    BOOKTITLE = {{SLAM-INTERSPEECH}},
    YEAR = {2013}
}

@INPROCEEDINGS{BREDIN--INTERSPEECH--2013,
    AUTHOR = {H. Bredin and J. Poignant},
    TITLE = {{Integer Linear Programming for Speaker Diarization and Cross-Modal Identification in TV Broadcast}},
    BOOKTITLE = {{INTERSPEECH}},
    YEAR = {2013}
}

@INPROCEEDINGS{BREDIN--IFCVCR--2012,
    AUTHOR = {H. Bredin and J. Poignant and M. Tapaswi and G. Fortier and V.-B. Le and T. Napoleon and H. Gao and   C. Barras and S. Rosset and L. Besacier and J. Verbeek and G. Qu\'enot and F. Jurie and H. Kemal Ekenel},
    TITLE = {{Fusion of speech, faces and text for person identification in TV broadcast}},
    BOOKTITLE = {{ECCV-IFCVCR}},
    YEAR = {2012}
}

@INPROCEEDINGS{BREDIN--SLAM--2013,
    AUTHOR = {H. Bredin and J. Poignant and G. Fortier and M. Tapaswi and V.-B. Le and A. Sarkar and C. Barras and S. Rosset and A. Roy and Q. Yang and H. Gao and A. Mignon and J. Verbeek and L. Besacier and G. Qu\'enot and H. Kemal Ekenel and R. Stiefelhagen},
    TITLE = {{QCompere at REPERE 2013}},
    BOOKTITLE = {{SLAM-INTERSPEECH}},
    YEAR = {2013}
}

@INPROCEEDINGS{BREDIN--IJMIR--2014,
    AUTHOR = {H. Bredin and A. Roy and V.-B. Le and C. Barras},
    TITLE = {{Person instance graphs for mono-, cross- and multi-modal person recognition in multimedia data: application to speaker identification in TV broadcast}},
    BOOKTITLE = {{IJMIR}},
    YEAR = {2014}
}

@INPROCEEDINGS{FAVRE--SLAM--2013,
    AUTHOR = {B. Favre and G. Damnati and F. B\'echet and M. Bendris and  D. Charlet and R. Auguste and S. Ayache and B. Bigot and A. Delteil and R. Dufour and C. Fredouille and  G. Linares and J. Martinet and G. Senay and P. Tirilly},
    TITLE = {{PERCOLI: a person identification  system for the 2013 REPERE challenge}},
    BOOKTITLE = {{SLAM-INTERSPEECH}},
    YEAR = {2013}
}

@INPROCEEDINGS{ROUVIER--CBMI--2014,
    AUTHOR = {M. Rouvier and B. Favre and M. Bendris and D. Charlet and G. Damnati},
    TITLE = {{Scene understanding for identifying persons in TV shows:  beyond face authentication}},
    BOOKTITLE = {{CBMI}},
    YEAR = {2014}
}

@INPROCEEDINGS{BENDRIS--CBMI--2013,
    AUTHOR = {M. Bendris and B. Favre and D. Charlet and G. Damnati and R. Auguste and J. Martinet and G. Senay},
    TITLE = {{Unsupervised Face Identification in TV Content using Audio-Visual Sources}},
    BOOKTITLE = {{CBMI}},
    YEAR = {2013}
}

@INPROCEEDINGS{GAY--CBMI--2014,
    AUTHOR = {P. Gay and G. Dupuy and C. Lailler and J.-M. Odobez and S. Meignier and P. Del\'eglise},
    TITLE = {{Comparison of Two Methods for Unsupervised Person Identification in TV Shows}},
    BOOKTITLE = {{CBMI}},
    YEAR = {2014}
}

@article{GUILLAUMIN--JCV--2012,
    author = {M. Guillaumin and T. Mensink and J. Verbeek and C. Schmid},
    title = {{Face recognition from caption-based supervision}},
    journal = {IJCV},
    volume = {96},
    number = {1},
    year = {2012}
}

@inproceedings{DALAL--CVPR--2005,
    author = {N. Dalal and B. Triggs},
    title = {{Histograms of oriented gradients for human detection}},
    booktitle = {{CVPR}},
    year = {{2005}}
}

@InProceedings{URICAR--VISAPP--2012,
    author = {U{\v{r}}i{\v{c}}{\'{a}}{\v{r}}, Michal and Franc, Vojt{\v{e}}ch and Hlav{\'{a}}{\v{c}}, V{\'{a}}clav },
    title = {Detector of Facial Landmarks Learned by the Structured Output {SVM}},
    booktitle = {{VISAPP}},
    volume = {1},
    year = {2012}
}

@inproceedings{CHEN--DARPA--1998,
    author = {S.S. Chen and P.S. Gopalakrishnan},
    title = {{Speaker, Environment And Channel Change Detection And Clustering Via The Bayesian Information Criterion}},
    booktitle = {{DARPA Broadcast News Trans. and Under. Workshop}},
    year = {1998}
}

@inproceedings{LAMEL--IWSLT--2011,
    author = {L. Lamel and S. Courcinous and J. Despres and J.L. Gauvain and Y. Josse and K. Kilgour and F. Kraft and V.-B. Le and H. Ney and M. Nussbaum-Thom and I. Oparin and T. Schlippe and R. Schlëter and T. Schultz and T. Fraga da Silva and S. Stüker and M. Sundermeyer and B. Vieru and N.T. Vu and A. Waibel and C. Woehrling},
    title = {{Speech Recognition for Machine Translation in Quaero}},
    booktitle = {{IWSLT}},
    year = {2011}
}

@inproceedings{DIANRELLI--IJCNLP--2011,
    author = {M. Dinarelli and S. Rosset},
    title = {{Models Cascade for Tree-Structured Named Entity Detection}},
    booktitle = {{IJCNLP}},
    year = {2011}
}


@inproceedings {ROUVIER--INTERSPEECH--2013,
	title = {An Open-source State-of-the-art Toolbox for Broadcast News Diarization},
	booktitle = {Interspeech},
	month = {25-29 Aug.},
	year = {2013},
	city = {Lyon},
	country = {France},
	address = {Lyon (France)},
	articletitle = {Interspeech},
	author = {Rouvier, M.  and  Dupuy, G.  and  Gay, P.  and  Khoury, E.  and  Merlin, T.  and  Meignier, S.}
}

@inproceedings{GUPTA--ASRU--2015,
	title = {{CRIM} and {LIUM} approaches for multi-genre broadcast media transcription},
	booktitle = {2015 {IEEE} {Workshop} on {Automatic} {Speech} {Recognition} and {Understanding} ({ASRU})},
	publisher = {IEEE},
	author = {Gupta, Vishwa and Del\'eglise, Paul and Boulianne, Gilles and Est\`eve, Yannick and Meignier, Sylvain and Rousseau, Anthony},
	year = {2015},
	pages = {681--686},
}

@inproceedings{Schroff2015,
  title={{FaceNet: a Unified Embedding for Face Recognition and Clustering}},
  author={Schroff, Florian and Kalenichenko, Dmitry and Philbin, James},
  booktitle={Proceedings of the IEEE Conference on Computer Vision and Pattern Recognition},
  pages={815--823},
  year={2015}
}

@techreport{Amos2016,
  title={OpenFace: A general-purpose face recognition
    library with mobile applications},
  author={Amos, Brandon and Bartosz Ludwiczuk and Satyanarayanan, Mahadev},
  year={2016},
  institution={CMU-CS-16-118, CMU School of Computer Science},
}
@article{King2009,
  author = {Davis E. King},
  title = {Dlib-ml: A Machine Learning Toolkit},
  journal = {Journal of Machine Learning Research},
  year = {2009},
  volume = {10},
  pages = {1755-1758},
}

@inproceedings{Danelljan2014,
	title = {{Accurate Scale Estimation for Robust Visual Tracking}},
	author = {Danelljan, Martin and H\"{a}ger, Gustav and Shahbaz Khan, Fahad and Felsberg, Michael},
	year = {2014},
	booktitle = {Proceedings of the British Machine Vision Conference},
	publisher = {BMVA Press},
	editors = {Valstar, Michel and French, Andrew and Pridmore, Tony},
	doi = { http://dx.doi.org/10.5244/C.28.65 }
}

@inproceedings{Dalal2005,
  author={Dalal, Navneet and Triggs, Bill},
  booktitle={Computer Vision and Pattern Recognition, 2005. CVPR 2005. IEEE Computer Society Conference on},
  title={{Histograms of Oriented Gradients for Human Detection}},
  year={2005},
  volume={1},
  pages={886-893 vol. 1},
  doi={10.1109/CVPR.2005.177},
  ISSN={1063-6919},
  month={June},
}

@misc{pyannote-video,
    title        = {{pyannote-video: Face Detection, Tracking and Clustering in Videos}},
    author       = {Bredin, Herv\'{e}},
    howpublished = {\url{http://github.com/pyannote/pyannote-video}},
    note         = {Accessed: 2016-07-04},
}

@article{Chen2005,
title = "Video text recognition using sequential Monte Carlo and error voting methods ",
journal = "Pattern Recognition Letters ",
volume = "26",
number = "9",
pages = "1386 - 1403",
year = "2005",
note = "",
issn = "0167-8655",
doi = "http://dx.doi.org/10.1016/j.patrec.2004.11.019",
url = "http://www.sciencedirect.com/science/article/pii/S0167865504003757",
author = "Datong Chen and Jean-Marc Odobez",
keywords = "Video text recognition",
keywords = "Text segmentation",
keywords = "Sequential Monte-Carlo filter",
keywords = "Language model",
keywords = "Recognition output voting error reduction "
}

@inproceedings{EUMSSI,
  author={Grivolla, J. and Melero, M. and Badia, T. and Cabulea, C. and Esteve, Y. and Herder, E. and Odobez, J-M.  and Preuss, S. and Marin, R. },
  booktitle={International Conference on Computational Linguistics (Coling)},
  title={{EUMSSI: a Platform for Multimodal Analysis and Recommendation using UIMA}},
  location={Dublin, Ireland},
  year={2014}
}

@article{heili2014tracking,
  title={Exploiting long-term connectivity and visual motion in CRF-based multi-person tracking},
  author={Heili, Alexandre and Lopez-Mendez, Adolfo and Odobez, Jean-Marc},
  journal={IEEE Transactions on Image Processing},
  volume={23},
  number={7},
  pages={3040--3056},
  year={2014},
  publisher={IEEE}
}

@InProceedings{bredin2016mediaeval,
  author = {H. Bredin, C. Guinaudeau, C. Barras},
  title = {Multimodal Person Discovery in Broadcast TV at MediaEval 2016},
  booktitle = {Proc. of the MediaEval 2016 Workshop},
  year = {2016},
  month = {Oct.},
  date = {20-21},
  address = {Hilversum, Netherlands}}
  
@inproceedings{bob2012,
  author = {A. Anjos AND L. El Shafey AND R. Wallace AND
            M. G\"unther AND C. McCool AND S. Marcel},
  title = {Bob: a free signal processing and machine learning toolbox for researchers},
  year = {2012},
  booktitle = {20th ACM Conference on Multimedia Systems (ACMMM)}
}

@inproceedings{mccool2009,
author = {C. McCool and S\'ebastien Marcel},
title = {Parts-based face verification using local frequency bands},
booktitle = {Proceedings of IEEE/IAPR international conference on biometrics},
year = {2009}
}

@article{tan2010,
	title={Enhanced local texture feature sets for face recognition under difficult lighting conditions},
	author={X. Tan and B. Triggs},
	journal={IEEE Transactions on Image Processing},
	volume={19},
	number={6},
	pages={1635--1650},
	year={2010}
}


@ARTICLE{dehak10,
    author = {Najim Dehak and Patrick J. Kenny and R\'eda Dehak and Pierre Dumouchel and Pierre Ouellet},
    title = {Front End Factor Analysis for Speaker Verification},
    journal = {IEEE Transactions on Audio, Speech and Language Processing},
    year = {2010}
}

@INPROCEEDINGS{kaldi,
         author = {D. Povey and A. Ghoshal and G. Boulianne and L. Burget and O. Glembek and N. Goel and M. Hannemann and P. Motlicek and Y. Qian and P. Schwarz and J. Silovsky and G. Stemmer and K. Vesely},
          title = {The {K}aldi Speech Recognition Toolkit},
      booktitle = {IEEE 2011 Workshop on Automatic Speech Recognition and Understanding (ASRU)},
           year = {2011},
      publisher = {IEEE Signal Processing Society}
}